@online{Wikimedia2014,
  author  = {Wikimedia},
  title   = {Logo HTW Berlin},
  url     = {https://upload.wikimedia.org/wikipedia/commons/7/7e/Logo_HTW_Berlin.svg},
  urldate = {2022-08-25},
  month   = oct,
  year    = {2014},
}

@online{Regensburg2018,
  author  = {Akademie Regensburg},
  title   = {Hochschullogo HTW Berlin},
  url     = {https://www.akademieregensburg.de/files/akademie/img/hochschulen_logos/18.jpg},
  urldate = {2022-08-25},
  month   = jul,
  year    = {2018},
}

@Online{Woelki2020,
  author  = {Florian Woelki},
  title   = {Was ist das Transfer Learning? | Künstliche Intelligenz},
  url     = {https://www.youtube.com/watch?v=K_csnXsNN5Q},
  urldate = {2022-09-19},
  month   = feb,
  year    = {2020},
}

@Online{Wuttke,
  author  = {Laurenz Wuttke},
  title   = {Transfer Learning: Grundlagen und Einsatzgebiete},
  url     = {https://datasolut.com/was-ist-transfer-learning/},
  urldate = {2022-09-19},
}

@Online{Wuertz2019,
  author  = {Udo Würtz},
  title   = {CNNs Convolutional Neural Networks Basiswissen},
  url     = {https://www.youtube.com/watch?v=OV0KXyYpEZY},
  urldate = {2022-09-19},
  month   = dec,
  year    = {2019},
}

@Online{Wikipedia2022,
  author  = {Wikipedia},
  title   = {AlexNet},
  url     = {https://en.wikipedia.org/wiki/AlexNet},
  urldate = {2022-09-19},
  month   = sep,
  year    = {2022},
}

@Online{Vasudevan2020,
  author  = {Shriram Vasudevan},
  title   = {10. AlexNet - CNN Explained and Implemented.},
  url     = {https://www.youtube.com/watch?v=8GheVe2UmUM},
  urldate = {2022-09-19},
  month   = apr,
  year    = {2020},
}

@Online{Sonwane2020,
  author  = {Sagar Sonwane},
  title   = {Transfer Learning From Pre-Trained Model for Image Recognition},
  url     = {https://sagarsonwane230797.medium.com/transfer-learning-from-pre-trained-model-for-image-facial-recognition-8b0c2038d5f0},
  urldate = {2022-09-19},
  month   = may,
  year    = {2020},
}

@Online{Brownlee2017,
  author  = {Jason Brownlee},
  title   = {A Gentle Introduction to Transfer Learning for Deep Learning},
  url     = {https://machinelearningmastery.com/transfer-learning-for-deep-learning/},
  urldate = {2022-09-24},
  month   = dec,
  year    = {2017},
}

@COMMENT ----------------------------------------------------

@Article{Schaeffer2021,
  author    = {Utz Schäffer and Jürgen Weber},
  journal   = {Controlling Management Review},
  title     = {Künstliche Intelligenz},
  year      = {2021},
  month     = feb,
  number    = {2},
  pages     = {3--3},
  volume    = {65},
  doi       = {10.1007/s12176-021-0370-0},
  publisher = {Springer Science and Business Media {LLC}},
}

@Article{Borchers2022,
  author = {Prof. Dr.-Ing. Steffen Borchers-Tigasson},
  journal   = {Computational Intelligence},
  title  = {Summary and Remarks on CNN},
  year   = {2022},
}

@COMMENT ----------------------------------------------------

@Book{Styczynski2017,
  author    = {Styczynski, Zbigniew A. and Rudion, Krzysztof and Naumann, André},
  publisher = {Springer-Verlag GmbH},
  title     = {Einführung in Expertensysteme},
  year      = {2017},
  isbn      = {9783662531723},
  month     = may,
  ean       = {9783662531723},
  pagetotal = {250},
  url       = {https://www.ebook.de/de/product/29262042/zbigniew_a_styczynski_krzysztof_rudion_andre_naumann_einfuehrung_in_expertensysteme.html},
}

@Book{Prakash2021,
  author    = {Kolla Bhanu Prakash and Y. V. R. Nagapawan and G. R. Kanagachidambaresan},
  publisher = {Springer International Publishing},
  title     = {Programming with TensorFlow},
  year      = {2021},
  chapter   = {Convolutional Neural Networks},
  isbn      = {978-3-030-57077-4},
  month     = jan,
  note      = {Convolutional Neural Networks},
  ean       = {9783030570774},
  pagetotal = {190},
  url       = {https://www.ebook.de/de/product/41247357/programming_with_tensorflow.html},
}

@Book{Amaratunga2020,
  author    = {Amaratunga, Thimira},
  publisher = {Apress},
  title     = {Deep Learning on Windows},
  year      = {2020},
  chapter   = {Transfer Learning},
  isbn      = {978-1-4842-6431-7},
  month     = dec,
  ean       = {9781484264317},
  pagetotal = {338},
  url       = {https://www.ebook.de/de/product/41243234/thimira_amaratunga_deep_learning_on_windows.html},
}

@Book{Kalaiarasi2020,
  author    = {P. Kalaiarasi and P. Esther Rani},
  publisher = {Springer-Verlag GmbH},
  title     = {Advances in Smart System Technologies},
  year      = {2020},
  chapter   = {A Comparative Analysis of AlexNet and GoogLeNet with a Simple DCNN for Face Recognition},
  isbn      = {978-981-15-5029-4},
  month     = aug,
  ean       = {9789811550294},
  pagetotal = {836},
  url       = {https://www.ebook.de/de/product/39551333/advances_in_smart_system_technologies.html},
}

@COMMENT ----------------------------------------------------
